<?xml version="1.0" encoding="UTF-8"?><collection xmlns="http://www.loc.gov/MARC21/slim"><record><leader>00610nam--2200205-u-4500</leader><controlfield tag="001">000053987</controlfield><controlfield tag="002">20161230</controlfield><controlfield tag="005">20161230201051</controlfield><controlfield tag="008">110727s1000------------r-----000-0-rus-d</controlfield><datafield ind1=" " ind2=" " tag="040"><subfield code="a">IFIN-HH</subfield></datafield><datafield ind1=" " ind2=" " tag="041"><subfield code="a">rus</subfield></datafield><datafield ind1=" " ind2=" " tag="080"><subfield code="a">537.311.33</subfield></datafield><datafield ind1="1" ind2=" " tag="100"><subfield code="a">Bourgoin, J</subfield></datafield><datafield ind1="1" ind2="0" tag="245"><subfield code="a">Tochechnie defekti v poluprovodnikah</subfield><subfield code="b">Eksperimentalnie aspekti</subfield><subfield code="c">J. bourgoin, m. lannoo</subfield></datafield><datafield ind1=" " ind2=" " tag="260"><subfield code="a">Moskva</subfield><subfield code="b">Mir</subfield><subfield code="c">1985</subfield></datafield><datafield ind1=" " ind2=" " tag="300"><subfield code="a">304P</subfield></datafield><datafield ind1=" " ind2=" " tag="500"><subfield code="a">Titlul Original In Limba Engleza: Point Defects In Semiconductors Ii Experimental Aspects</subfield></datafield><datafield ind1="1" ind2=" " tag="700"><subfield code="a">Lannoo, M</subfield></datafield><datafield ind1=" " ind2=" " tag="852"><subfield code="a">72328</subfield><subfield code="c">537.311.33</subfield></datafield><datafield ind1=" " ind2=" " tag="CAT"><subfield code="a">Sys</subfield><subfield code="c">20110727</subfield><subfield code="h">151554</subfield></datafield></record></collection>